<record><leader>00000cas a2200000 a 4500</leader><controlfield tag="001">27903723</controlfield><controlfield tag="008">930412d1uuu1925caudn ne      0    0eng c</controlfield><datafield ind1=" " ind2=" " tag="010"><subfield code="a">sn 93053122 </subfield></datafield><datafield ind1=" " ind2=" " tag="040"><subfield code="a">CNK</subfield><subfield code="b">eng</subfield><subfield code="c">CNK</subfield><subfield code="d">OCLCQ</subfield><subfield code="d">CNK</subfield><subfield code="d">OCLCQ</subfield><subfield code="d">OCLCF</subfield><subfield code="d">OCLCO</subfield></datafield><datafield ind1="1" ind2=" " tag="029"><subfield code="a">AU@</subfield><subfield code="b">000020736310</subfield></datafield><datafield ind1=" " ind2=" " tag="042"><subfield code="a">pcc</subfield></datafield><datafield ind1=" " ind2=" " tag="043"><subfield code="a">n-us-ca</subfield></datafield><datafield ind1="0" ind2=" " tag="130"><subfield code="a">Madera daily tribune (Madera, Calif. : 1925)</subfield></datafield><datafield ind1="1" ind2="0" tag="245"><subfield code="a">Madera daily tribune.</subfield></datafield><datafield ind1=" " ind2=" " tag="260"><subfield code="a">Madera, Madera County, Calif. :</subfield><subfield code="b">Clark &amp; Clark</subfield></datafield><datafield ind1=" " ind2=" " tag="300"><subfield code="a">v.</subfield></datafield><datafield ind1=" " ind2=" " tag="310"><subfield code="a">Daily (except Sun.)</subfield></datafield><datafield ind1="0" ind2=" " tag="362"><subfield code="a">-v. 37, no. 1 (Nov. 2, 1925).</subfield></datafield><datafield ind1=" " ind2=" " tag="530"><subfield code="a">Master negatives are available for duplication from:</subfield><subfield code="b">California Newspaper Microfilm Archive;</subfield><subfield code="c">positive copies may be purchased by the reel; for further information consult the CNMA at:</subfield><subfield code="u">http://cbsr.ucr.edu</subfield></datafield><datafield ind1=" " ind2=" " tag="588"><subfield code="a">Description based on: Vol. 7, no. 119 (Mar. 22, 1907).</subfield></datafield><datafield ind1=" " ind2="0" tag="651"><subfield code="a">Madera County (Calif.)</subfield><subfield code="v">Newspapers.</subfield></datafield><datafield ind1=" " ind2="7" tag="655"><subfield code="a">Newspapers.</subfield><subfield code="2">fast</subfield><subfield code="0">(OCoLC)fst01423814</subfield></datafield><datafield ind1=" " ind2="7" tag="651"><subfield code="a">California</subfield><subfield code="z">Madera County.</subfield><subfield code="2">fast</subfield><subfield code="0">(OCoLC)fst01213862</subfield></datafield><datafield ind1=" " ind2=" " tag="752"><subfield code="a">United States</subfield><subfield code="b">California</subfield><subfield code="c">Madera</subfield><subfield code="d">Madera.</subfield></datafield><datafield ind1="0" ind2=" " tag="775"><subfield code="t">Madera weekly tribune</subfield><subfield code="w">(DLC)sn 92069565</subfield></datafield><datafield ind1="0" ind2="7" tag="785"><subfield code="t">Madera Mercury (Madera, Calif. : 1924)</subfield><subfield code="w">(DLC)sn 93053121</subfield></datafield><datafield ind1="0" ind2="7" tag="785"><subfield code="t">Madera daily tribune and Madera Mercury</subfield><subfield code="w">(DLC)sn 92069566</subfield></datafield></record>